
% Morfessor

@PhDThesis{creutz2006phd,
  author = {Mathias Creutz},
  year = {2006},
  title = {Induction of the Morphology of Natural Language: Unsupervised Morpheme Segmentation with Application to Automatic Speech Recognition}, 
  series = {Dissertations in Computer and Information Science}, 
  number = {D13}, 
  school = {Helsinki University of Technology}, 
  location = {Espoo, Finland}
}

@INPROCEEDINGS{creutz02sigphon,
  author = {Mathias Creutz and Krista Lagus},
  title = {Unsupervised discovery of morphemes},
  booktitle = {Proceedings of the ACL-02 Workshop on Morphological and Phonological Learning},
  editor = {Mike Maxwell},
  address = {Philadelphia, PA, USA},
  year = {2002},
  pages = {21--30},
  month = {July},
  publisher = {Association for Computational Linguistics},
}

@InProceedings{creutz03acl,
  author    = {Mathias Creutz},
  title     = {Unsupervised Segmentation of Words Using Prior Distributions of Morph Length and Frequency},
  booktitle = {Proceedings of the 41st Annual Meeting of the Association for Computational Linguistics},
  editor = {Erhard W. Hinrichs and Dan Roth},
  month     = {July},
  year      = {2003},
  address   = {Sapporo, Japan},
  publisher = {Association for Computational Linguistics},
  pages     = {280--287},
  url       = {http://www.aclweb.org/anthology/P03-1036},
  doi       = {10.3115/1075096.1075132}
}

@inproceedings{creutz04sigphon,
  author    = {Creutz, Mathias and Lagus, Krista},
  title     = {Induction of a Simple Morphology for Highly-Inflecting Languages},
  booktitle = {Proceedings of the Seventh Meeting of the ACL Special Interest Group in Computational Phonology},
  year      = 2004,
  month     = {July},
  address   = {Barcelona, Spain},
  publisher = {Association for Computational Linguistics},
  pages     = {43--51}
}

@InProceedings{creutz05akrr,
  author = 	 {Mathias Creutz and Krista Lagus},
  title = 	 {Inducing the Morphological Lexicon of a Natural Language from Unannotated Text},
  booktitle =	 {Proceedings of {AKRR'05}, International and Interdisciplinary Conference on Adaptive Knowledge Representation and Reasoning},
  editor = {Timo Honkela and Ville K\"{o}n\"{o}nen and Matti P\"{o}ll\"{a} and Olli Simula},
  pages = {106--113},
  address = {Espoo, Finland},
  month = {June},
  year = {2005},
  publisher = {Helsinki University of Technology, Laboratory of Computer and Information Science},
}

@TechReport{creutz05tr,
   author = {Mathias Creutz and Krista Lagus},
   title = {Unsupervised Morpheme Segmentation and Morphology Induction from Text Corpora Using {M}orfessor 1.0},
   institution = {Publications in Computer and Information Science, Helsinki University of Technology},
   year = 2005,
   number = {A81},
   OPTnote = {\url{http://www.cis.hut.fi/projects/morpho/}}
}

@Article{creutz07acm,
   author = {Mathias Creutz and Krista Lagus},
   title = {Unsupervised models for morpheme segmentation and morphology learning},
   journal = {ACM Transactions on Speech and Language Processing},
   volume = {4},
   number = {1},
   pages = {3:1--3:34},
   month = {January},
   year = 2007
}

% Semisupervised Morfessor extensions

@InProceedings{kohonen2010sigmorphon,
  author    = {Oskar Kohonen and Sami Virpioja and Krista Lagus},
  title     = {Semi-Supervised Learning of Concatenative Morphology},
  booktitle = {Proceedings of the 11th Meeting of the ACL Special Interest Group on Computational Morphology and Phonology},
  month     = {July},
  year      = {2010},
  address   = {Uppsala, Sweden},
  publisher = {Association for Computational Linguistics},
  pages     = {78--86},
  url       = {http://www.aclweb.org/anthology/W10-2210},
  impactfactor = {A4},
  corerank = {NA},
  flags = {AIRC copy}
}

@inproceedings{kohonen2010semisupervised,
    address = {Espoo, Finland},
    author = {Oskar Kohonen and Sami Virpioja and Laura Lepp{\"a}nen and Krista Lagus},
    booktitle = {Proceedings of the {M}orpho {C}hallenge 2010 Workshop},
    editor = {Mikko Kurimo and Sami Virpioja and Ville T. Turunen},
    month = {September},
    note = {Technical Report TKK-ICS-R37},
    pages = {30--34},
    publisher = {Aalto University School of Science and Technology, Department of Information and Computer Science},
    title = {Semi-supervised extensions to {M}orfessor {B}aseline},
    year = {2010},
} 

@InCollection{virpioja2011nodalida,
  author    = {Sami Virpioja and Oskar Kohonen and Krista Lagus},
  title     = {Evaluating the effect of word frequencies in a probabilistic generative model of morphology},
  booktitle = {Proceedings of the 18th Nordic Conference of Computational Linguistics (NODALIDA 2011)},
  editor   = {Bolette Sandford Pedersen and Gunta Ne\v{s}pore and Inguna Skadi\c{n}a},
  series    = {NEALT Proceedings Series},
  volume    = {11},
  pages     = {230--237},
  year      = {2011},
  month     = {May},
  address   = {Riga, Latvia},
  publisher = {Northern European Association for Language Technology},
  url = {http://hdl.handle.net/10062/17313},
}

@PhdThesis{virpioja2012thesis,
  author =       {Sami Virpioja},
  title =        {Learning Constructions of Natural Language: Statistical Models and Evaluations},
  school =       {Aalto University},
  year =         {2012},
  month =        {December},
  url =          {http://lib.tkk.fi/Diss/2012/isbn9789526048833/isbn9789526048833.pdf},
  isbn =         {978-952-60-4883-3},
  issn =         {1799-4942},
  series =       {Aalto University publication series: Doctoral Dissertations},
  number =       {158/2012},
}

% Allomorfessor

@incollection{virpioja2010lncs,
    author = {Sami Virpioja and Oskar Kohonen and Krista Lagus},
    booktitle = {Multilingual Information Access Evaluation I. Text Retrieval Experiments: 10th Workshop of the Cross-Language Evaluation Forum, CLEF 2009, Corfu, Greece, September 30 -- October 2, 2009, Revised Selected Papers},
    month = {September},
    pages = {609--616},
    publisher = {Springer Berlin / Heidelberg},
    series = {Lecture Notes in Computer Science},
    title = {Unsupervised Morpheme Analysis with {A}llomorfessor},
    volume = {6241},
    year = {2010},
} 

% MDL

@Article{rissanen78,
  author = {Jorma Rissanen},
  title  = {Modeling by shortest data description},
  journal = {Automatica}, 
  volume = {14},
  year = {1978},
  pages = {465--471}
}

@Article{rissanen83universal,
  author = {Jorma Rissanen},
  title  = {Universal prior for integers and estimation by minimum description length},
  journal = {The Annals of Statistics}, 
  volume = {11},
  year = {1983},
  pages = {416--431}
}

% Training algorithms

@article{viterbi1967error,
  author = {A. J. Viterbi},
  title = {Error bounds for convolutional codes and an asymptotically optimum decoding algorithm},
  journal = {IEEE Transactions on Information Theory},
  volume = {13},  
  number = {2}, 
  year = {1967}, 
  pages = {260--269}
} 

@article{forney1973viterbi,
  author = {Forney, Jr., G. David},
  title = {The {V}iterbi algorithm},
  journal = {Proceedings of the IEEE},
  volume = {61},  
  number = {3}, 
  month = {March}, 
  year = {1973}, 
  pages = {268--278}
} 

@Article{sundberg1974maximum,
  author = {Sundberg, Rolf},
  year = {1974},
  title = {Maximum likelihood theory for incomplete data from an exponential family}, 
  journal = {Scandinavian Journal of Statistics},
  volume = {1},
  number = {2},
  pages = {49--58}
}

@Article{dempster1977maximum,
  author = {A. P. Dempster and N. M. Laird and D. B. Rubin},
  year = {1977}, 
  title = {Maximum Likelihood from Incomplete Data via the {EM} Algorithm},
  journal = {Journal of the Royal Statistical Society. Series B (Methodological)},
  volume = {39},
  number = {1},
  pages = {1--38}
}

@Article{baum1972inequality, 
  author={Leonard E. Baum}, 
  title={An inequality and an associated maximization technique in statistical estimation of probabilistic functions of a {M}arkov process}, 
  volume={3}, 
  number={1}, 
  journal={Inequalities}, 
  publisher={Academic Press}, 
  year={1972}, 
  pages={1--8}
}

@InProceedings{spitkovsky2010viterbi,
  author    = {Spitkovsky, Valentin I.  and  Alshawi, Hiyan  and  Jurafsky, Daniel  and  Manning, Christopher D.},
  title     = {Viterbi Training Improves Unsupervised Dependency Parsing},
  booktitle = {Proceedings of the Fourteenth Conference on Computational Natural Language Learning},
  editor    = {Mirella Lapata  and  Anoop Sarkar},
  month     = {July},
  year      = {2010},
  address   = {Uppsala, Sweden},
  publisher = {Association for Computational Linguistics},
  pages     = {9--17},
}

% Applications

@article{hirsimaki2006unlimited,
  author = {Teemu Hirsim{\"a}ki and Mathias Creutz and Vesa Siivola and Mikko Kurimo and Sami Virpioja and Janne Pylkk{\"o}nen},
  title = {Unlimited vocabulary speech recognition with morph language models applied to {F}innish},
  journal = {Computer Speech \& Language},
  volume = {20},
  number = {4},
  pages = {515--541},
  year = {2006},
}

@Article{creutz2007morph,
  author = {Mathias Creutz and Teemu Hirsim{\"a}ki and Mikko Kurimo and Antti Puurula and Janne Pylkk{\"o}nen and Vesa Siivola and Matti Varjokallio and Ebru Arisoy and Murat Sara{\c{c}}lar and Andreas Stolcke},
  title = {Morph-Based Speech Recognition and Modeling of Out-of-Vocabulary Words Across Languages},
  journal = {ACM Transactions on Speech and Language Processing}, 
  volume = {5}, 
  number = {1}, 
  pages = {3:1--3:29},
  month = {December},
  year = {2007}
}

@Article{mihajlik2010improved,
  author={Mihajlik, P{\'e}ter and T{\"u}ske, Zolt{\'a}n and Tarj{\'a}n, Bal{\'a}zs and N{\'e}meth, Botty{\'a}n and Fegy{\'o}, Tibor},
  journal={IEEE Transactions on Audio, Speech, and Language Processing}, 
  title={Improved Recognition of Spontaneous {H}ungarian Speech --- Morphological and Acoustic Modeling Techniques for a Less Resourced Task},
  year={2010},
  month={Aug},
  volume={18},
  number={6},
  pages={1588--1600},
}

@InProceedings{gelas2012developments,
  author = {Hadrien Gelas and Laurent Besacier and Francois Pellegrino}, 
  year = {2012}, 
  title = {Developments of {S}wahili resources for an automatic speech recognition system}, 
  booktitle = {Proceedings of the Third International Workshop on Spoken Languages Technologies for Under-resourced Languages (SLTU'12)}, 
  address = {Cape Town, South Africa}, 
  month = {May},
  publisher = {International Research Center MICA},
  pages = {8}
}

@inproceedings{virpioja2007morphology,
    address = {Copenhagen, Denmark},
    author = {Sami Virpioja and Jaakko J. V{\"{a}}yrynen and Mathias Creutz and Markus Sadeniemi},
    booktitle = {Proceedings of the Machine Translation Summit XI},
    month = {September},
    pages = {491--498},
    title = {Morphology-Aware Statistical Machine Translation Based on Morphs Induced in an Unsupervised Manner},
    year = {2007},
}

@InProceedings{luong2010hybrid,
  author    = {Luong, Minh-Thang  and  Nakov, Preslav  and  Kan, Min-Yen},
  title     = {A Hybrid Morpheme-Word Representation for Machine Translation of Morphologically Rich Languages},
  booktitle = {Proceedings of the 2010 Conference on Empirical Methods in Natural Language Processing},
  month     = {October},
  year      = {2010},
  address   = {Cambridge, MA},
  publisher = {Association for Computational Linguistics},
  pages     = {148--157},
  url       = {http://www.aclweb.org/anthology/D10-1015}
}

@InProceedings{mermer2010unsupervised,
  author    = {Mermer, Co\c{s}kun  and  Ak\i{}n, Ahmet Af\c{s}\i{}n},
  title     = {Unsupervised Search for the Optimal Segmentation for Statistical Machine Translation},
  booktitle = {Proceedings of the ACL 2010 Student Research Workshop},
  month     = {July},
  year      = {2010},
  address   = {Uppsala, Sweden},
  publisher = {Association for Computational Linguistics},
  pages     = {31--36},
}

@InProceedings{clifton2011combining,
  author    = {Clifton, Ann  and  Sarkar, Anoop},
  title     = {Combining Morpheme-based Machine Translation with Post-processing Morpheme Prediction},
  booktitle = {Proceedings of the 49th Annual Meeting of the Association for Computational Linguistics: Human Language Technologies},
  month     = {June},
  year      = {2011},
  address   = {Portland, Oregon, USA},
  publisher = {Association for Computational Linguistics},
  pages     = {32--42},
  url       = {http://www.aclweb.org/anthology/P11-1004}
}

@article{turunen2011speech,
 author = {Turunen, Ville T. and Kurimo, Mikko},
 title = {Speech retrieval from unsegmented {F}innish audio using statistical morpheme-like units for segmentation, recognition, and retrieval},
 journal = {ACM Transactions on Speech and Language Processing},
 volume = {8},
 number = {1},
 year = {2011},
 pages = {1--25},
 publisher = {ACM},
 address = {New York, NY, USA},
} 

@ARTICLE{arisoy2009turkish,
  author={Arisoy, E. and Can, D. and Parlak, S. and Sak, H. and Saraclar, M.},
  journal={Audio, Speech, and Language Processing, IEEE Transactions on},
  title={Turkish Broadcast News Transcription and Retrieval},
  year={2009},
  volume={17},
  number={5},
  pages={874--883},
  doi={10.1109/TASL.2008.2012313},
  ISSN={1558-7916}
}

@InProceedings{popovic2011wmt,
  author    = {Popovi\'{c}, Maja},
  title     = {Morphemes and POS tags for n-gram based evaluation metrics},
  booktitle = {Proceedings of the Sixth Workshop on Statistical Machine Translation},
  month     = {July},
  year      = {2011},
  address   = {Edinburgh, Scotland},
  publisher = {Association for Computational Linguistics},
  pages     = {104--107},
  url       = {http://www.aclweb.org/anthology/W11-2110}
}

% Morpho Challenges

@inproceedings{kurimo2010mc,
    address = {Espoo, Finland},
    author = {Mikko Kurimo and Sami Virpioja and Ville T. Turunen},
    booktitle = {Proceedings of the {M}orpho {C}hallenge 2010 Workshop},
    month = {September},
    note = {Technical Report TKK-ICS-R37},
    pages = {7--24},
    publisher = {Aalto University School of Science and Technology, Department of Information and Computer Science},
    title = {Overview and Results of {M}orpho {C}hallenge 2010},
    year = {2010},
} 

@article{virpioja2011tal,
    author = {Sami Virpioja and Ville T. Turunen and Sebastian Spiegler and Oskar Kohonen and Mikko Kurimo},
    journal = {Traitement Automatique des Langues},
    language = {eng},
    number = {2},
    pages = {45--90},
    publisher = {ATALA},
    title = {Empirical Comparison of Evaluation Methods for Unsupervised Learning of Morphology},
    volume = {52},
    year = {2011},
}

%evaluation articles
@article{wilcoxon1945individual,
  title={Individual comparisons by ranking methods},
  author={Wilcoxon, Frank},
  journal={Biometrics bulletin},
  volume={1},
  number={6},
  pages={80--83},
  year={1945},
  publisher={JSTOR}
}

@article{pratt1959remarks,
  title={Remarks on zeros and ties in the Wilcoxon signed rank procedures},
  author={Pratt, John W},
  journal={Journal of the American Statistical Association},
  volume={54},
  number={287},
  pages={655--667},
  year={1959},
  publisher={Taylor \& Francis Group}
}

@TECHREPORT{virpioja2013morfessor,
  author = {Virpioja, S. and Smit, P. and Gr\"{o}nroos, S. and Kurimo, M.},
  title = {Morfessor 2.0: Python Implementation and Extensions for {M}orfessor
	{B}aseline},
  institution = {Aalto University},
  year = {2013},
  type = {Report},
  number = {25/2013 in Aalto University publication series SCIENCE + TECHNOLOGY},
  address = {Finland},
  language = {eng},
  pages = {38},
  series = {Aalto University publication series SCIENCE + TECHNOLOGY}
}
